<record><leader>00000cas a2200000 a 4500</leader><controlfield tag="001">10127198</controlfield><controlfield tag="008">831114c19789999iludn ne      0   a0eng c</controlfield><datafield ind1=" " ind2=" " tag="010"><subfield code="a">sn 92053351 </subfield></datafield><datafield ind1=" " ind2=" " tag="040"><subfield code="a">SPI</subfield><subfield code="b">eng</subfield><subfield code="c">SPI</subfield><subfield code="d">NVF</subfield><subfield code="d">OCLCQ</subfield><subfield code="d">NVF</subfield><subfield code="d">OCLCQ</subfield><subfield code="d">OCLCF</subfield><subfield code="d">OCLCO</subfield><subfield code="d">NVF</subfield></datafield><datafield ind1=" " ind2=" " tag="032"><subfield code="a">213060</subfield><subfield code="b">USPS</subfield></datafield><datafield ind1=" " ind2=" " tag="042"><subfield code="a">pcc</subfield></datafield><datafield ind1=" " ind2=" " tag="043"><subfield code="a">n-us-il</subfield></datafield><datafield ind1="0" ind2=" " tag="130"><subfield code="a">Register-mail (Galesburg, Ill.)</subfield></datafield><datafield ind1="1" ind2="4" tag="245"><subfield code="a">The register-mail.</subfield></datafield><datafield ind1="3" ind2=" " tag="246"><subfield code="a">Register mail</subfield></datafield><datafield ind1=" " ind2=" " tag="260"><subfield code="a">Galesburg, Ill. :</subfield><subfield code="b">Galesburg Print. and Pub. Co.,</subfield><subfield code="c">1978-</subfield></datafield><datafield ind1=" " ind2=" " tag="300"><subfield code="a">v.</subfield></datafield><datafield ind1=" " ind2=" " tag="310"><subfield code="a">Daily (except Sunday)</subfield></datafield><datafield ind1="0" ind2=" " tag="362"><subfield code="a">87th year, no. 78 (Apr. 3, 1978)-</subfield></datafield><datafield ind1=" " ind2="0" tag="651"><subfield code="a">Galesburg (Ill.)</subfield><subfield code="v">Newspapers.</subfield></datafield><datafield ind1=" " ind2="7" tag="651"><subfield code="a">Illinois</subfield><subfield code="z">Galesburg.</subfield><subfield code="2">fast</subfield><subfield code="0">(OCoLC)fst01202787</subfield></datafield><datafield ind1=" " ind2="7" tag="655"><subfield code="a">Newspapers.</subfield><subfield code="2">fast</subfield><subfield code="0">(OCoLC)fst01423814</subfield></datafield><datafield ind1=" " ind2=" " tag="752"><subfield code="a">United States</subfield><subfield code="b">Illinois</subfield><subfield code="c">Knox County</subfield><subfield code="d">Galesburg.</subfield></datafield><datafield ind1="0" ind2="0" tag="780"><subfield code="t">Galesburg register-mail</subfield><subfield code="w">(DLC)sn 92053350</subfield><subfield code="w">(OCoLC)26478470</subfield></datafield><datafield ind1="1" ind2=" " tag="029"><subfield code="a">AU@</subfield><subfield code="b">000020705638</subfield></datafield></record>